<record><leader>00000cas a2200000 a 4500</leader><controlfield tag="001">32905023</controlfield><controlfield tag="008">950801d18761877nyuwr ne      0    0eng c</controlfield><datafield ind1=" " ind2=" " tag="010"><subfield code="a">sn 95071256 </subfield></datafield><datafield ind1=" " ind2=" " tag="040"><subfield code="a">NYS</subfield><subfield code="b">eng</subfield><subfield code="c">NYS</subfield><subfield code="d">OCL</subfield><subfield code="d">OCLCQ</subfield><subfield code="d">NYS</subfield><subfield code="d">OCLCQ</subfield><subfield code="d">OCLCO</subfield></datafield><datafield ind1="1" ind2=" " tag="029"><subfield code="a">AU@</subfield><subfield code="b">000011903966</subfield></datafield><datafield ind1=" " ind2=" " tag="042"><subfield code="a">pcc</subfield></datafield><datafield ind1=" " ind2=" " tag="043"><subfield code="a">n-us-ny</subfield></datafield><datafield ind1="0" ind2="0" tag="245"><subfield code="a">Roslyn tablet.</subfield></datafield><datafield ind1=" " ind2=" " tag="260"><subfield code="a">Roslyn, Queens County, L.I. [N.Y.] :</subfield><subfield code="b">Keeler Bros.</subfield></datafield><datafield ind1=" " ind2=" " tag="300"><subfield code="a">v.</subfield></datafield><datafield ind1=" " ind2=" " tag="310"><subfield code="a">Weekly</subfield></datafield><datafield ind1="0" ind2=" " tag="362"><subfield code="a">Vol. 2, no. 2 (Oct. 19, 1876)-v. 3, no. 3 (Oct. 26, 1877).</subfield></datafield><datafield ind1=" " ind2=" " tag="500"><subfield code="a">"A weekly record of Roslyn, Westbury, Port Washington, Manhasset and Glenwood."</subfield></datafield><datafield ind1=" " ind2=" " tag="500"><subfield code="a">"The only paper published in the Town of North Hempstead."</subfield></datafield><datafield ind1=" " ind2="0" tag="651"><subfield code="a">Roslyn (N.Y.)</subfield><subfield code="v">Newspapers.</subfield></datafield><datafield ind1=" " ind2="0" tag="651"><subfield code="a">Westbury (N.Y.)</subfield><subfield code="v">Newspapers.</subfield></datafield><datafield ind1=" " ind2="0" tag="651"><subfield code="a">Port Washington (N.Y.)</subfield><subfield code="v">Newspapers.</subfield></datafield><datafield ind1=" " ind2="0" tag="651"><subfield code="a">Manhasset (N.Y.)</subfield><subfield code="v">Newspapers.</subfield></datafield><datafield ind1=" " ind2="0" tag="651"><subfield code="a">North Hempstead (N.Y. : Town)</subfield><subfield code="v">Newspapers.</subfield></datafield><datafield ind1=" " ind2="0" tag="651"><subfield code="a">Nassau County (N.Y.)</subfield><subfield code="v">Newspapers.</subfield></datafield><datafield ind1=" " ind2="0" tag="651"><subfield code="a">Queens County (N.Y.)</subfield><subfield code="v">Newspapers.</subfield></datafield><datafield ind1=" " ind2=" " tag="752"><subfield code="a">United States</subfield><subfield code="b">New York</subfield><subfield code="c">Queens</subfield><subfield code="d">Roslyn.</subfield></datafield><datafield ind1="0" ind2="0" tag="780"><subfield code="t">Once a week (Lynbrook, N.Y.)</subfield><subfield code="w">(DLC)sn 95071255</subfield><subfield code="w">(OCoLC)32904905</subfield></datafield></record>